<record><leader>00000cas a22000007a 4500</leader><controlfield tag="001">17395198</controlfield><controlfield tag="008">880126c19399999nyuwr ne      0    0eng d</controlfield><datafield ind1=" " ind2=" " tag="010"><subfield code="a">sn 88075657 </subfield></datafield><datafield ind1=" " ind2=" " tag="040"><subfield code="a">NYG</subfield><subfield code="b">eng</subfield><subfield code="c">NYG</subfield><subfield code="d">NYS</subfield><subfield code="d">OCLCQ</subfield></datafield><datafield ind1=" " ind2=" " tag="042"><subfield code="a">msc</subfield></datafield><datafield ind1="0" ind2="0" tag="245"><subfield code="a">Orange County post.</subfield></datafield><datafield ind1=" " ind2=" " tag="260"><subfield code="a">Washingtonville, N.Y. :</subfield><subfield code="b">Harrison Press,</subfield><subfield code="c">1939-</subfield></datafield><datafield ind1=" " ind2=" " tag="300"><subfield code="a">v.</subfield></datafield><datafield ind1=" " ind2=" " tag="310"><subfield code="a">Weekly</subfield></datafield><datafield ind1="0" ind2=" " tag="362"><subfield code="a">Vol. 1, no. 50 (Jan. 27, 1939)-</subfield></datafield><datafield ind1=" " ind2=" " tag="500"><subfield code="a">Publisher: Albert E. Johnson, &lt;Oct. 10, 1941-Feb. 26, 1943&gt;; Spear Print., &lt;1972&gt;.</subfield></datafield><datafield ind1=" " ind2="4" tag="651"><subfield code="a">Washingtonville (N.Y.)</subfield><subfield code="v">Newspapers.</subfield></datafield><datafield ind1=" " ind2=" " tag="752"><subfield code="a">United States</subfield><subfield code="b">New York</subfield><subfield code="c">Orange</subfield><subfield code="d">Washingtonville.</subfield></datafield><datafield ind1="0" ind2="0" tag="780"><subfield code="t">Post (Washingtonville, N.Y.)</subfield><subfield code="w">(DLC)sn 91066613</subfield><subfield code="w">(OCoLC)23992286</subfield></datafield><datafield ind1="1" ind2=" " tag="029"><subfield code="a">AU@</subfield><subfield code="b">000025833548</subfield></datafield></record>